@article{jiang,
  author    = {Zhengyao Jiang and
               Jinjun Liang},
  title     = {Cryptocurrency Portfolio Management with Deep Reinforcement Learning},
  journal   = {CoRR},
  volume    = {abs/1612.01277},
  year      = {2016},
  url       = {http://arxiv.org/abs/1612.01277},
  archivePrefix = {arXiv},
  eprint    = {1612.01277},
  timestamp = {Mon, 13 Aug 2018 16:48:00 +0200},
  biburl    = {https://dblp.org/rec/bib/journals/corr/JiangL16b},
  bibsource = {dblp computer science bibliography, https://dblp.org}
}
@book{sutton,
 author = {Sutton, Richard S. and Barto, Andrew G.},
 title = {Introduction to Reinforcement Learning},
 year = {1998},
 isbn = {0262193981},
 edition = {1st},
 publisher = {MIT Press},
 address = {Cambridge, MA, USA},
} 
